<?xml version="1.0" encoding="UTF-8"?><collection xmlns="http://www.loc.gov/MARC21/slim"><record><leader>00456nam--2200157-i-4500</leader><controlfield tag="001">000032941</controlfield><controlfield tag="002">20161230</controlfield><controlfield tag="005">20161230201039</controlfield><controlfield tag="008">060222s1000------------r-----000-0-eng-d</controlfield><datafield ind1=" " ind2=" " tag="040"><subfield code="a">IFIN-HH</subfield></datafield><datafield ind1=" " ind2=" " tag="080"><subfield code="a">519.6(076.1)</subfield></datafield><datafield ind1=" " ind2=" " tag="100"><subfield code="a">Marinescu, Gheorghe,  Badea, Lori, Grigore, Gheorghe</subfield></datafield><datafield ind1=" " ind2=" " tag="245"><subfield code="a">Probleme de analiza numerica</subfield></datafield><datafield ind1=" " ind2=" " tag="260"><subfield code="a">BUCURESTI, EDITURA DIDACTICA SI PEDAGOGICA, 1978, 207 p</subfield></datafield><datafield ind1=" " ind2=" " tag="852"><subfield code="a">46105</subfield><subfield code="c">518.12</subfield></datafield><datafield ind1=" " ind2=" " tag="CAT"><subfield code="a">Sys</subfield><subfield code="c">20090702</subfield><subfield code="h">095521</subfield></datafield></record></collection>